
@article{bloch1929,
  title = {Über die Quantenmechanik der Elektronen in Kristallgittern},
  author = {Bloch, Felix},
  date = {1929-07-01},
  journaltitle = {Zeitschrift für Physik},
  shortjournal = {Z. Physik},
  volume = {52},
  number = {7},
  pages = {555--600},
  issn = {0044-3328},
  doi = {10.1007/BF01339455},
  url = {https://doi.org/10.1007/BF01339455},
  urldate = {2022-03-13},
  abstract = {Die Bewegung eines Elektrons im Gitter wird untersucht, indem wir uns dieses durch ein zunächst streng dreifach periodisches Kraftfeld schematisieren. Unter Hinzunahme der F ermischen Statistik auf die Elektronen gestattet unser Modell Aussagen über den von ihnen herrührenden Anteil der spezifischen Wärme des Kristalls. Ferner wird gezeigt, daß die Berücksichtigung der thermischen Gitterschwingungen Größenordnung und Temperaturabhängigkeit der elektrischen Leitfähigkeit von Metallen in qualitativer Übereinstimmung mit der Erfahrung ergibt.},
  langid = {german},
  file = {/home/egg/Zotero/storage/D6F38U2V/Bloch - 1929 - Über die Quantenmechanik der Elektronen in Kristal.pdf}
}

@online{CarrelloIBS,
  title = {Carrello | IBS},
  url = {https://www.ibs.it/carrello},
  urldate = {2022-03-13},
  langid = {italian}
}

@book{cohenFundamentalsCondensedMatter,
  title = {Fundamentals of {{Condensed Matter Physics}}},
  author = {Cohen, Marvin L. and Louie, Steven G.},
  edition = {1},
  publisher = {{Cambridge University Press}},
  isbn = {978-0-521-51331-9},
  file = {/home/egg/Zotero/storage/UJ224EPE/Cohen e Louie - Fundamentals of Condensed Matter Physics.pdf}
}

@article{drude1900a,
  title = {Zur {{Elektronentheorie}} Der {{Metalle}}; {{II}}. {{Teil}}. {{Galvanomagnetische}} Und Thermomagnetische {{Effecte}}},
  author = {Drude, P.},
  date = {1900},
  journaltitle = {Annalen der Physik},
  volume = {308},
  number = {11},
  pages = {369--402},
  issn = {1521-3889},
  doi = {10.1002/andp.19003081102},
  url = {http://onlinelibrary.wiley.com/doi/abs/10.1002/andp.19003081102},
  urldate = {2022-03-13},
  langid = {english},
  annotation = {\_eprint: https://onlinelibrary.wiley.com/doi/pdf/10.1002/andp.19003081102},
  file = {/home/egg/Zotero/storage/FRJ94BPF/Drude - 1900 - Zur Elektronentheorie der Metalle\; II. Teil. Galva.pdf;/home/egg/Zotero/storage/26U26KJP/andp.html}
}

@thesis{hahnDiagrammaticQuantumMonte2017,
  title = {Diagrammatic {{Quantum Monte Carlo}} for the {{Fr}} ̈ohlich {{Polaron}}},
  author = {Hahn, Thomas},
  date = {2017},
  institution = {{Universität Wien}},
  location = {{Wien}},
  file = {/home/egg/Zotero/storage/M66M3GLC/Thomas - 2017 - Diagrammatic Quantum Monte Carlo for the Fr ̈ohlic.pdf}
}

@book{jones1985,
  title = {Theoretical Solid State Physics},
  author = {Jones, William},
  date = {1985},
  publisher = {{New York : Dover Publications}},
  url = {http://archive.org/details/theoreticalsolid0001jone},
  urldate = {2022-03-13},
  abstract = {2 v. (xvi, 1301 p.) : 22 cm; Includes indexes; Bibliography: v. 1, p. [659]-668; v. 2, p. 1281-1290; v. 1. Perfect lattices in equilibrium -- v. 2. Non-equilibrium and disorder; London ; New York : Wiley-Interscience, 1973},
  editora = {{Internet Archive}},
  editoratype = {collaborator},
  isbn = {978-0-486-65015-9},
  langid = {english},
  pagetotal = {704},
  keywords = {Solid state physics}
}

@book{lernerEncyclopediaPhysicsVolumes2005,
  title = {Encyclopedia of {{Physics}}, 2 {{Volumes}}},
  editor = {Lerner, Rita G. and Trigg, George L.},
  date = {2005-10-28},
  edition = {3rd edition},
  publisher = {{Wiley-VCH}},
  location = {{Weinheim}},
  isbn = {978-3-527-40554-1},
  langid = {english},
  pagetotal = {3043}
}

@book{sakurai2020,
  title = {Modern {{Quantum Mechanics}}},
  author = {Sakurai, J. J. and Napolitano, Jim},
  date = {2020-09-17},
  eprint = {XwpuzQEACAAJ},
  eprinttype = {googlebooks},
  publisher = {{Cambridge University Press}},
  abstract = {Modern Quantum Mechanics is a classic graduate level textbook, covering the main concepts from quantum mechanics in a clear, organized and engaging manner. The original author, J. J. Sakurai, was a renowned particle theorist. This third edition, revised by Jim Napolitano, introduces topics that extend its value into the twenty-first century, such as modern mathematical techniques for advanced quantum mechanical calculations, while at the same time retaining fundamental topics such as neutron interferometer experiments, Feynman path integrals, correlation measurements, and Bell's inequalities. A solutions manual is available.},
  isbn = {978-1-108-47322-4},
  langid = {english},
  pagetotal = {571},
  keywords = {Science / Physics / Quantum Theory}
}

@article{sommerfeldZurElektronentheorieMetalle1928,
  title = {Zur Elektronentheorie der Metalle auf Grund der Fermischen Statistik},
  author = {Sommerfeld, A.},
  date = {1928-01-01},
  journaltitle = {Zeitschrift für Physik},
  shortjournal = {Z. Physik},
  volume = {47},
  number = {1},
  pages = {1--32},
  issn = {0044-3328},
  doi = {10.1007/BF01391052},
  url = {https://doi.org/10.1007/BF01391052},
  urldate = {2022-03-13},
  abstract = {In § 1 werden die Grundlagen der neuen Statistik, der Bose-Einsteinschen sowie der Fermi-Diracschen entwickelt, im Anschluß an Pauli, aber in etwas vereinfachter und erweiterter Form. § 2 bringt die erforderlichen mathematischen Hilfsmittel. Der fundamentale unterschied der neuen Statistik gegenüber der klassischen kommt hier bereits zur Geltung: die mittlere Geschwindigkeit der Elektronen wird in erster Näherung unabhängig von der Temperatur, die zugehörige de Brogliesche Wellenlänge hängt wesentlich nur von der Dichte der Elektronen ab. In § 3 wird der Regriff der freien Weglänge der Elektronen ganz im Sinne der klassischen Theorie und im engsten Anschluß an H. A. Lorentz eingeführt. Überhaupt ist es für alles Folgende charakteristisch, daß keine neuen physikalischen Hypothesen über das Verhalten der Metallatome und ihre Wechselwirkung mit den Elektronen gebildet, sondern daß die Hypothesen der alten Elektronentheorie lediglich mit den Formeln der neuen Statistik durchgerechnet werden. § 4 behandelt die Leitungsprobleme, § 5 die Phänomene an der Oberfläche der Leiter, insbesondere den Richardsoneffekt, während der Voltaeffekt hier zunächst zurückgestellt wird. § 6 und 7 formulieren die verschiedenen thermoelektrischen, galvanomagnetischen und thermomagnetischen Effekte; diese beiden letzten Paragraphen werden zusammen mit kritischen Schlußbemerkungen den zweiten Teil der vorliegenden Abhandlung bilden.},
  langid = {german},
  file = {/home/egg/Zotero/storage/RWPRNE3Y/Sommerfeld - 1928 - Zur Elektronentheorie der Metalle auf Grund der Fe.pdf}
}

@incollection{terhaar10ELECTRONMOTION1965,
  title = {10 - {{ELECTRON MOTION IN CRYSTAL LATTICES}}},
  booktitle = {Collected {{Papers}} of {{L}}.{{D}}. {{Landau}}},
  editor = {Ter haar, D.},
  date = {1965-01-01},
  pages = {67--68},
  publisher = {{Pergamon}},
  doi = {10.1016/B978-0-08-010586-4.50015-8},
  url = {https://www.sciencedirect.com/science/article/pii/B9780080105864500158},
  urldate = {2022-03-07},
  isbn = {978-0-08-010586-4},
  langid = {english},
  file = {/home/egg/Zotero/storage/2GHX2E75/D. Ter Haar - Collected Papers of L. D. Landau-Intl Pub Distributor Inc (1965).djvu;/home/egg/Zotero/storage/APTLZZK4/B9780080105864500158.html}
}

@book{westBasicSolidState1999,
  title = {Basic {{Solid State Chemistry}}},
  author = {West, Anthony R.},
  date = {1999-07-30},
  eprint = {5XAvAQAAIAAJ},
  eprinttype = {googlebooks},
  publisher = {{Wiley}},
  abstract = {Basic Solid State Chemistry, Second Edition is a thorough revision of this best selling introductory text. This new edition provides the reader with an up to date account of the essential topics in this exciting and developing area. Whilst the structure of the first edition has been retained, introducing topics in a logical and coherent way, the text has been revised to include latest developments and concepts. There is a new chapter on Synthetic Methods covering solid state, precursor, chemie douce, intercalation, gas phase (MOCVD, vapour phase transport), hydrothermal and other methods. In addition there is new material on fullerenes, spinels and applications of phase diagrams. The coverage of solid solutions has been expanded and many of the diagrams have been considerably improved, as have the examples and problems.},
  isbn = {978-0-471-98755-0},
  langid = {english},
  pagetotal = {504},
  keywords = {Science / Chemistry / Inorganic,Science / Chemistry / Physical & Theoretical}
}


